@article{von2022figaro,
  title={FIGARO: Generating symbolic music with fine-grained artistic control},
  author={von R{\"u}tte, Dimitri and Biggio, Luca and Kilcher, Yannic and Hofmann, Thomas},
  journal={arXiv preprint arXiv:2201.10936}    ,
  year={2022}
}

@article{DBLP:journals/corr/abs-2002-00212,
  author       = {Yu{-}Siang Huang and
                  Yi{-}Hsuan Yang},
  title        = {Pop Music Transformer: Generating Music with Rhythm and Harmony},
  journal      = {CoRR},
  volume       = {abs/2002.00212},
  year         = {2020},
  url          = {https://arxiv.org/abs/2002.00212},
  eprinttype    = {arXiv},
  eprint       = {2002.00212},
  timestamp    = {Mon, 10 Feb 2020 15:12:57 +0100},
  biburl       = {https://dblp.org/rec/journals/corr/abs-2002-00212.bib},
  bibsource    = {dblp computer science bibliography, https://dblp.org}
}

@article{EMOPIA,
         author = {Hung, Hsiao-Tzu and Ching, Joann and Doh, Seungheon and Kim, Nabin and Nam, Juhan and Yang, Yi-Hsuan},
         title = {{EMOPIA}: A Multi-Modal Pop Piano Dataset For Emotion Recognition and Emotion-based Music Generation},
         booktitle = {Proc. Int. Society for Music Information Retrieval Conf.},
         year = {2021}
}

@misc{arduino, title={What is Arduino?}, howpublished = {\url{https://www.arduino.cc/en/Guide/Introduction}}, author={The Arduino Team}} 

@misc{arduinoBLE, title={Arduino Nano 33 BLE Sense Rev2}, howpublished={\url{https://docs.arduino.cc/hardware/nano-33-ble-sense-rev2}}, author={The Arduino Team}} 

@misc{arduinoSketch, howpublished={\url{https://github.com/rotorman/ArduinoAI/blob/SenseRev2/BLESense-test-dashboard/BLESenseRev2/BLESenseRev2.ino}}} 

@misc{getGyro, howpublished={\url{https://github.com/abarch/comp_muse/blob/main/resources/Arduino/getGyro.py}}}